<collection>
<record>
  <controlfield tag="001">55</controlfield>
  <datafield tag="041" ind1=" " ind2=" ">
    <subfield code="a">English</subfield>
  </datafield>
  <datafield tag="100" ind1=" " ind2=" ">
    <subfield code="a">Rodriguez Marrero, Ana</subfield>
  </datafield>
  <datafield tag="245" ind1=" " ind2=" ">
    <subfield code="a">Video tutorial for Outreach Exercise 2010</subfield>
  </datafield>
  <datafield tag="260" ind1=" " ind2=" ">
    <subfield code="b">CERN Open Data Portal</subfield>
    <subfield code="c">2014</subfield>
  </datafield>
  <datafield tag="300" ind1=" " ind2=" ">
    <subfield code="a">00:03:22</subfield>
  </datafield>
  <datafield tag="520" ind1=" " ind2=" ">
    <subfield code="a">FIXME add proper description</subfield>
  </datafield>
    <datafield tag="693" ind1=" " ind2=" ">
    <subfield code="a">CERN-LHC</subfield>
    <subfield code="e">CMS</subfield>
  </datafield>
  <datafield tag="FFT" ind1=" " ind2=" ">
    <subfield code="a">http://193.146.75.147/Outreach%20Exercise%202010.m4v</subfield>
  </datafield>
  <datafield tag="980" ind1=" " ind2=" ">
    <subfield code="a">CMS-Open-Data-Instructions</subfield>
  </datafield>
</record>