
<record>
  <controlfield tag="001">58</controlfield>
  <datafield tag="041" ind1=" " ind2=" ">
    <subfield code="a">English</subfield>
  </datafield>
  <datafield tag="100" ind1=" " ind2=" ">
    <subfield code="a">McCauley, Thomas</subfield>
  </datafield>
  <datafield tag="245" ind1=" " ind2=" ">
    <subfield code="a">Explore CMS open data and visualise detector events - Help</subfield>
    </datafield>
  <datafield tag="260" ind1=" " ind2=" ">
    <subfield code="b">CERN Open Data Portal</subfield>
    <subfield code="c">2014</subfield>
  </datafield>
  <datafield tag="520" ind1=" " ind2=" ">
    <subfield code="a">This record contains the help page for the CMS event display</subfield>
  </datafield>
  <datafield tag="693" ind1=" " ind2=" ">
    <subfield code="a">CERN-LHC</subfield>
    <subfield code="e">CMS</subfield>
  </datafield>
  <datafield tag="856" ind1="4" ind2=" ">
    <subfield code="a">FIXME LINK TO HELP NOT TOOL http://opendata.cern.ch/visualise/events</subfield>
  </datafield>
  <datafield tag="980" ind1=" " ind2=" ">
    <subfield code="a">CMS-Open-Data-Instructions</subfield>
  </datafield>
</record>
</collection>
